@article{Avis2018Oct,
	author = {Avis, Eric and Ferraz, Claudio and Finan, Frederico},
	title = {{Do Government Audits Reduce Corruption? Estimating the Impacts of Exposing Corrupt Politicians}},
	journal = {Journal of Political Economy},
	year = {2018},
	month = oct,
	publisher = {University of Chicago PressChicago, IL},
	doi = {10.1086/699209}
}

@article{Axelrod2021Dec,
	author = {Axelrod, Robert and Daymude, Joshua J. and Forrest, Stephanie},
	title = {{Preventing extreme polarization of political attitudes}},
	journal = {Proc. Natl. Acad. Sci. U.S.A.},
	volume = {118},
	number = {50},
	pages = {e2102139118},
	year = {2021},
	month = dec,
	publisher = {Proceedings of the National Academy of Sciences},
	doi = {10.1073/pnas.2102139118}
}

@article{Baldassarri2021Dec,
	author = {Baldassarri, Delia and Page, Scott E.},
	title = {{The emergence and perils of polarization}},
	journal = {Proc. Natl. Acad. Sci. U.S.A.},
	volume = {118},
	number = {50},
	pages = {e2116863118},
	year = {2021},
	month = dec,
	publisher = {Proceedings of the National Academy of Sciences},
	doi = {10.1073/pnas.2116863118}
}

@article{Bednar2021Dec,
	author = {Bednar, Jenna},
	title = {{Polarization, diversity, and democratic robustness}},
	journal = {Proc. Natl. Acad. Sci. U.S.A.},
	volume = {118},
	number = {50},
	pages = {e2113843118},
	year = {2021},
	month = dec,
	publisher = {Proceedings of the National Academy of Sciences},
	doi = {10.1073/pnas.2113843118}
}

@article{Boas2019Apr,
	author = {Boas, Taylor C. and Hidalgo, F. Daniel and Melo, Marcus Andr{\ifmmode\acute{e}\else\'{e}\fi}},
	title = {{Norms versus Action: Why Voters Fail to Sanction Malfeasance in Brazil}},
	journal = {American Journal of Political Science},
	volume = {63},
	number = {2},
	pages = {385--400},
	year = {2019},
	month = apr,
	issn = {0092-5853},
	publisher = {John Wiley {\&} Sons, Ltd},
	doi = {10.1111/ajps.12413}
}

@article{Bolognesi2022Sep,
	author = {Bolognesi, Bruno and Ribeiro, Ednaldo and Codato, Adriano},
	title = {{Uma Nova Classifica{\ifmmode\mbox{\c{c}}\else\c{c}\fi}{\ifmmode\tilde{a}\else\~{a}\fi}o Ideol{\ifmmode\acute{o}\else\'{o}\fi}gica dos Partidos Pol{\ifmmode\acute{\imath}\else\'{\i}\fi}ticos Brasileiros}},
	journal = {Dados},
	volume = {66},
	pages = {e20210164},
	year = {2022},
	month = sep,
	issn = {0011-5258},
	publisher = {Instituto de Estudos Sociais e Pol{\ifmmode\acute{\imath}\else\'{\i}\fi}ticos (IESP) da Universidade do Estado do Rio de Janeiro (UERJ)},
	doi = {10.1590/dados.2023.66.2.303}
}

@article{Botero2021Apr,
	author = {Botero, Sandra and Castro Cornejo, Rodrigo and Gamboa, Laura and Pav{\ifmmode\tilde{a}\else\~{a}\fi}o, Nara and Nickerson, David W.},
	title = {{Are all types of wrongdoing created equal in the eyes of voters?}},
	journal = {Journal of Elections, Public Opinion and Parties},
	volume = {31},
	number = {2},
	pages = {141--158},
	year = {2021},
	month = apr,
	issn = {1745-7289},
	publisher = {Routledge},
	doi = {10.1080/17457289.2019.1651322}
}

@article{Brollo2013Aug,
	author = {Brollo, Fernanda and Nannicini, Tommaso and Perotti, Roberto and Tabellini, Guido},
	title = {{The Political Resource Curse}},
	journal = {Am. Econ. Rev.},
	volume = {103},
	number = {5},
	pages = {1759--96},
	year = {2013},
	month = aug,
	issn = {0002-8282},
	doi = {10.1257/aer.103.5.1759}
}

@incollection{bussell2015typologies,
  title={Typologies of corruption: a pragmatic approach},
  author={Bussell, Jennifer},
  booktitle={Greed, corruption, and the modern state},
  pages={21--45},
  year={2015},
  publisher={Edward Elgar Publishing}
}

@article{dunning2019voter,
  title={Voter information campaigns and political accountability: Cumulative findings from a preregistered meta-analysis of coordinated trials},
  author={Dunning, Thad and Grossman, Guy and Humphreys, Macartan and Hyde, Susan D and McIntosh, Craig and Nellis, Gareth and Adida, Claire L and Arias, Eric and Bicalho, Clara and Boas, Taylor C and others},
  journal={Science advances},
  volume={5},
  number={7},
  pages={eaaw2612},
  year={2019},
  publisher={American Association for the Advancement of Science}
}

@article{ferraz2008exposing,
  title={Exposing corrupt politicians: the effects of Brazil's publicly released audits on electoral outcomes},
  author={Ferraz, Claudio and Finan, Frederico},
  journal={The Quarterly journal of economics},
  volume={123},
  number={2},
  pages={703--745},
  year={2008},
  publisher={MIT Press}
}

@article{fuks2020afeto,
  title={Afeto ou ideologia: medindo polariza{\c{c}}{\~a}o pol{\'\i}tica no Brasil},
  author={Fuks, Mario and Marques, Pedro},
  journal={12{\textordmasculine} Encontro da ABCP},
  year={2020}
}


@article{gehrke2018eleiccoes,
  title={Elei{\c{c}}{\~o}es e corrup{\c{c}}{\~a}o nas prefeituras brasileiras},
  author={Gehrke, Manoel},
  journal={A pol{\'\i}tica, as pol{\'\i}ticas e os controles: como s{\~a}o governadas as cidades brasileiras},
  pages={171--184},
  year={2018},
  publisher={Tomo Editorial Porto Alegre}
}

@InCollection{sep-corruption,
	author       =	{Miller, Seumas},
	title        =	{{Corruption}},
	booktitle    =	{The {Stanford} Encyclopedia of Philosophy},
	editor       =	{Edward N. Zalta},
	howpublished =	{\url{https://plato.stanford.edu/archives/win2018/entries/corruption/}},
	year         =	{2018},
	edition      =	{{W}inter 2018},
	publisher    =	{Metaphysics Research Lab, Stanford University}
}

@article{Oliveira2015Sep,
	author = {Oliveira, Carlos and Turgeon, Mathieu},
	title = {{Ideologia e comportamento pol{\ifmmode\acute{\imath}\else\'{\i}\fi}tico no eleitorado brasileiro}},
	journal = {Opin. P{\ifmmode\acute{u}\else\'{u}\fi}blica.},
	volume = {21},
	pages = {574--600},
	year = {2015},
	month = sep,
	issn = {0104-6276},
	publisher = {Centro de Estudos de Opini{\ifmmode\tilde{a}\else\~{a}\fi}o P{\ifmmode\acute{u}\else\'{u}\fi}blica da Universidade Estadual de Campinas},
	doi = {10.1590/1807-01912015213574}
}

@article{Ortellado2022May,
	author = {Ortellado, Pablo and Ribeiro, Marcio Moretto and Zeine, Leonardo},
	title = {{Existe polariza{\ifmmode\mbox{\c{c}}\else\c{c}\fi}{\ifmmode\tilde{a}\else\~{a}\fi}o pol{\ifmmode\acute{\imath}\else\'{\i}\fi}tica no Brasil? : an{\ifmmode\acute{a}\else\'{a}\fi}lise das evid{\ifmmode\hat{e}\else\^{e}\fi}ncias em duas s{\ifmmode\acute{e}\else\'{e}\fi}ries de pesquisas de opini{\ifmmode\tilde{a}\else\~{a}\fi}o}},
	journal = {Opin. P{\ifmmode\acute{u}\else\'{u}\fi}blica.},
	volume = {28},
	number = {1},
	pages = {62--91},
	year = {2022},
	month = may,
	issn = {1807-0191},
	url = {https://periodicos.sbu.unicamp.br/ojs/index.php/op/article/view/8669212}
}

@article{Pavao2018Jul,
	author = {Pav{\ifmmode\tilde{a}\else\~{a}\fi}o, Nara},
	title = {{Corruption as the Only Option: The Limits to Electoral Accountability}},
	journal = {Journal of Politics},
	year = {2018},
	month = jul,
	publisher = {University of Chicago PressChicago, IL},
	doi = {10.1086/697954}
}

@article{Power2009,
	author = {Power, Timothy J. and Zucco, Jr., Cesar},
	title = {{Estimating Ideology of Brazilian Legislative Parties, 1990-2005: A Research Communication on JSTOR}},
	journal = {Latin American Research Review},
	volume = {44},
	number = {1},
	pages = {218--246},
	year = {2009},
	url = {https://www.jstor.org/stable/20488177}
}

@book{Rose-Ackerman1978,
	author = {Rose-Ackerman, Susan},
	title = {{Corruption}},
	journal = {ScienceDirect},
	year = {1978},
	isbn = {978-0-12-596350-3},
	publisher = {Elsevier, Academic Press},
	doi = {10.1016/C2009-0-22067-8}
}

@article{Rose-Ackerman1996Sep,
	author = {Rose-Ackerman, Susan},
	title = {{Democracy and {`}grand{'} corruption}},
	journal = {International Social Science Journal},
	volume = {48},
	number = {149},
	pages = {365--380},
	year = {1996},
	month = sep,
	issn = {0020-8701},
	publisher = {John Wiley {\&} Sons, Ltd},
	doi = {10.1111/1468-2451.00038}
}

@article{Kunicova2005Oct,
	author = {Kunicov{\ifmmode\acute{a}\else\'{a}\fi}, Jana and Rose-Ackerman, Susan},
	title = {{Electoral Rules and Constitutional Structures as Constraints on Corruption on JSTOR}},
	journal = {British Journal of Political Science},
	volume = {35},
	number = {4},
	pages = {573--606},
	year = {2005},
	month = oct,
	url = {https://www.jstor.org/stable/4092413}
}

@article{Samuels2014Jan,
	author = {Samuels, David and Zucco, Jr., Cesar},
	title = {{The Power of Partisanship in Brazil: Evidence from Survey Experiments on JSTOR}},
	journal = {American Journal of Political Science},
	volume = {58},
	number = {1},
	pages = {212--225},
	year = {2014},
	month = jan,
	url = {https://www.jstor.org/stable/24363479}
}

@article{Treisman2000Jun,
	author = {Treisman, Daniel},
	title = {{The causes of corruption: a cross-national study}},
	journal = {Journal of Public Economics},
	volume = {76},
	number = {3},
	pages = {399--457},
	year = {2000},
	month = jun,
	issn = {0047-2727},
	publisher = {North-Holland},
	doi = {10.1016/S0047-2727(99)00092-4}
}

@article{Ferejohn1986,
	author = {Ferejohn, John},
	title = {{Incumbent Performance and Electoral Control on JSTOR}},
	journal = {Public Choice},
	volume = {50},
	number = {1--3},
	pages = {5--25},
	year = {1986},
	url = {https://www.jstor.org/stable/30024650}
}

@misc{BibEntry1999Sep,
	title = {{Democracy, Accountability, and Representation}},
	journal = {Cambridge Core},
	year = {1999},
	month = sep,
	isbn = {978-0-52164616-1},
	publisher = {Cambridge University Press},
	note = {[Online; accessed 25. May 2023]},
	doi = {10.1017/CBO9781139175104}
}

@book{Achen2017Aug,
	author = {Achen, Christopher H. and Bartels, Larry M.},
	title = {{Democracy for Realists}},
	year = {2017},
	month = aug,
	isbn = {978-0-69117824-0},
	publisher = {Princeton University Press},
	address = {Princeton, NJ, USA},
	url = {https://press.princeton.edu/books/paperback/9780691178240/democracy-for-realists}
}

@article{manin1999elections,
  title={Elections and representation},
  author={Manin, Bernard and Przeworski, Adam and Stokes, Susan},
  journal={Democracy, accountability, and representation},
  volume={2},
  pages={29},
  year={1999},
  publisher={Cambridge University Press Cambridge}
}

@article{przeworski19992,
  title={2 Minimalist conception of democracy: a defense$^1$},
  author={Przeworski, Adam},
  journal={Democracy's values},
  pages={23},
  year={1999},
  publisher={Cambridge University Press}
}

@article{fearon1999electoral,
  title={Electoral accountability and the control of politicians: selecting good types versus sanctioning poor performance},
  author={Fearon, James D},
  journal={Democracy, accountability, and representation},
  pages={55--97},
  year={1999},
  publisher={Cambridge University Press}
}

@article{fukuyama2018corruption,
  title={Corruption as a political phenomenon},
  author={Fukuyama, Francis},
  journal={Institutions, governance and the control of corruption},
  pages={51--73},
  year={2018},
  publisher={Springer}
}

@book{riker1988liberalism,
  title={Liberalism against populism: A confrontation between the theory of democracy and the theory of social choice},
  author={Riker, William H},
  year={1988},
  publisher={Waveland press}
}

@book{arrow2012social,
  title={Social choice and individual values},
  author={Arrow, Kenneth J},
  volume={12},
  year={2012},
  publisher={Yale university press}
}

@article{Coleman1986Oct,
	author = {Coleman, Jules and Ferejohn, John},
	title = {{Democracy and Social Choice on JSTOR}},
	journal = {Ethics},
	volume = {97},
	number = {1},
	pages = {6--25},
	year = {1986},
	month = oct,
	url = {https://www.jstor.org/stable/2381403}
}

@misc{freeden1998ideologies,
  title={Ideologies and political theory: A conceptual approach},
  author={Freeden, M},
  year={1998},
  publisher={BLACKWELL PUBLISHERS 350 MAIN STREET, STE 6, MALDEN, MA 02148 USA}
}

@book{bobbio2001direita,
  title={Direita e Esquerda raz{\~o}es e significados de uma distin{\c{c}}{\~a}o pol{\'\i}tica},
  author={Bobbio, Norberto},
  year={2001},
  publisher={Unesp}
}

@incollection{inglehart20172,
  title={2. the changing structure of political cleavages in western society},
  author={Inglehart, Ronald},
  booktitle={Electoral change in advanced industrial democracies},
  pages={25--69},
  year={2017},
  publisher={Princeton University Press}
}

@article{barros2020voters,
  title={Why do voters choose corrupt candidates? The role of ideology on cognitive mechanisms},
  author={Barros, Lucia and Goldszmidt, Rafael and Pereira, Carlos},
  journal={International Journal of Public Opinion Research},
  volume={32},
  number={4},
  pages={676--692},
  year={2020},
  publisher={Oxford University Press}
}